@online{ID,
	ALTauthor = {Google},
	ALTeditor = {Google},
	title = {Gmail API | Google Developers},
	date = {2014},
	url = {https://developers.google.com/gmail/api},
	OPTlanguage = {english},
	OPTversion = {1.7.9},
	OPTorganization = {Google},
}
